<record><leader>00000cas a22000007a 4500</leader><controlfield tag="001">35310083</controlfield><controlfield tag="008">960827c19959999cauwr ne      0   a0eng c</controlfield><datafield ind1=" " ind2=" " tag="010"><subfield code="a">sn 96002655 </subfield></datafield><datafield ind1=" " ind2=" " tag="040"><subfield code="a">NSD</subfield><subfield code="b">eng</subfield><subfield code="c">NSD</subfield><subfield code="d">CNK</subfield><subfield code="d">OCLCQ</subfield><subfield code="d">OCLCF</subfield><subfield code="d">OCLCO</subfield></datafield><datafield ind1=" " ind2=" " tag="012"><subfield code="l">1</subfield></datafield><datafield ind1="1" ind2=" " tag="022"><subfield code="a">1090-5022</subfield><subfield code="l">1090-5022</subfield><subfield code="2">1</subfield></datafield><datafield ind1="1" ind2=" " tag="029"><subfield code="a">AU@</subfield><subfield code="b">000012843454</subfield></datafield><datafield ind1=" " ind2=" " tag="037"><subfield code="b">The Kaweah Commonwealth, PO Box 806, Three Rivers, CA 93271</subfield></datafield><datafield ind1=" " ind2=" " tag="042"><subfield code="a">nsdp</subfield><subfield code="a">pcc</subfield></datafield><datafield ind1=" " ind2=" " tag="043"><subfield code="a">n-us-ca</subfield></datafield><datafield ind1=" " ind2="4" tag="222"><subfield code="a">The Kaweah commonwealth</subfield></datafield><datafield ind1="0" ind2="4" tag="245"><subfield code="a">The Kaweah commonwealth.</subfield></datafield><datafield ind1=" " ind2=" " tag="260"><subfield code="a">Three Rivers, CA :</subfield><subfield code="b">John Elliott</subfield></datafield><datafield ind1=" " ind2=" " tag="300"><subfield code="a">v.</subfield></datafield><datafield ind1=" " ind2=" " tag="310"><subfield code="a">Weekly</subfield></datafield><datafield ind1="1" ind2=" " tag="362"><subfield code="a">Began in 1995.</subfield></datafield><datafield ind1=" " ind2=" " tag="588"><subfield code="a">Description based on: Vol. 5, no. 28 (July 12, 1996).</subfield></datafield><datafield ind1=" " ind2="0" tag="651"><subfield code="a">Three Rivers (Calif.)</subfield><subfield code="v">Newspapers.</subfield></datafield><datafield ind1=" " ind2="7" tag="655"><subfield code="a">Newspapers.</subfield><subfield code="2">fast</subfield><subfield code="0">(OCoLC)fst01423814</subfield></datafield><datafield ind1=" " ind2="7" tag="651"><subfield code="a">California</subfield><subfield code="z">Three Rivers.</subfield><subfield code="2">fast</subfield><subfield code="0">(OCoLC)fst01274610</subfield></datafield><datafield ind1=" " ind2=" " tag="752"><subfield code="a">United States</subfield><subfield code="b">California</subfield><subfield code="c">Tulare</subfield><subfield code="d">Three Rivers.</subfield></datafield><datafield ind1="0" ind2="0" tag="780"><subfield code="t">Sequoia sentinel</subfield></datafield></record>